<?xml version="1.0" encoding="UTF-8"?><collection xmlns="http://www.loc.gov/MARC21/slim"><record><leader>00603nam--2200193-i-4500</leader><controlfield tag="001">000001740</controlfield><controlfield tag="002">20161230</controlfield><controlfield tag="005">20161230201024</controlfield><controlfield tag="008">060222s1000------------r-----000-0-eng-d</controlfield><datafield ind1=" " ind2=" " tag="040"><subfield code="a">IFIN-HH</subfield></datafield><datafield ind1=" " ind2=" " tag="080"><subfield code="a">53:531:532.5:536.7</subfield></datafield><datafield ind1="1" ind2=" " tag="100"><subfield code="a">Frauenfelder, P</subfield></datafield><datafield ind1="1" ind2="0" tag="245"><subfield code="a">Introduction to physics. mechanics, hydrodynamics, thermodynamics. translated by f.s. levin and j.l. weil. volume i</subfield><subfield code="c">P. frauenfelder, p. huber</subfield></datafield><datafield ind1=" " ind2=" " tag="260"><subfield code="a">Oxford</subfield><subfield code="b">Pergamon Press</subfield><subfield code="c">1966</subfield></datafield><datafield ind1=" " ind2=" " tag="300"><subfield code="a">VIII + 591 P</subfield></datafield><datafield ind1=" " ind2=" " tag="490"><subfield code="a">Adiwes Series In Physics</subfield></datafield><datafield ind1="1" ind2=" " tag="700"><subfield code="a">Huber, P</subfield></datafield><datafield ind1=" " ind2=" " tag="852"><subfield code="a">34534</subfield><subfield code="c">53</subfield></datafield><datafield ind1=" " ind2=" " tag="CAT"><subfield code="a">Sys</subfield><subfield code="c">20150309</subfield><subfield code="h">155948</subfield></datafield></record></collection>